<?xml version="1.0" encoding="UTF-8"?><collection xmlns="http://www.loc.gov/MARC21/slim"><record><leader>00428nam--2200133-i-4500</leader><controlfield tag="001">000045668</controlfield><controlfield tag="002">20161230</controlfield><controlfield tag="005">20161230201045</controlfield><controlfield tag="008">060222s1000------------r-----000-0-eng-d</controlfield><datafield ind1=" " ind2=" " tag="080"><subfield code="a">621.375.826(043)</subfield></datafield><datafield ind1=" " ind2=" " tag="100"><subfield code="a">Tutunaru-chiriac, Marcela</subfield></datafield><datafield ind1=" " ind2=" " tag="245"><subfield code="a">Efecte de suprafata la interactia radiatiei laser co2 de putere cu materiale metalice. teza de doctorat</subfield></datafield><datafield ind1=" " ind2=" " tag="260"><subfield code="a">Bucuresti, Inst.Central De Fizica, 1985, 119p</subfield></datafield><datafield ind1=" " ind2=" " tag="852"><subfield code="a">72894</subfield></datafield></record></collection>